<?xml version="1.0" encoding="UTF-8"?><record xmlns="http://www.loc.gov/MARC21/slim" xmlns:cinclude="http://apache.org/cocoon/include/1.0" xmlns:zs="http://www.loc.gov/zing/srw/">
  <leader>00679cz  a2200157n  4500</leader>
  <controlfield tag="001">n  83204495 </controlfield>
  <controlfield tag="003">DLC</controlfield>
  <controlfield tag="005">20081218080757.0</controlfield>
  <controlfield tag="008">830609n| acannaabn          |a ana      </controlfield>
  <datafield tag="010" ind1=" " ind2=" ">
    <subfield code="a">n  83204495 </subfield>
  </datafield>
  <datafield tag="035" ind1=" " ind2=" ">
    <subfield code="a">(OCoLC)oca01015822</subfield>
  </datafield>
  <datafield tag="040" ind1=" " ind2=" ">
    <subfield code="a">DLC</subfield>
    <subfield code="b">eng</subfield>
    <subfield code="c">DLC</subfield>
    <subfield code="d">OCoLC</subfield>
  </datafield>
  <datafield tag="110" ind1="1" ind2=" ">
    <subfield code="a">Jerez de la Frontera (Spain).</subfield>
    <subfield code="b">Delegación de Cultura</subfield>
  </datafield>
  <datafield tag="410" ind1="1" ind2=" ">
    <subfield code="a">Jerez de la Frontera (Spain).</subfield>
    <subfield code="b">Cultura, Delegación de</subfield>
  </datafield>
  <datafield tag="410" ind1="1" ind2=" ">
    <subfield code="a">Jerez de la Frontera (Spain).</subfield>
    <subfield code="b">Excelentísimo Ayuntamiento.</subfield>
    <subfield code="b">Delegación de Cultura</subfield>
  </datafield>
  <datafield tag="670" ind1=" " ind2=" ">
    <subfield code="a">Fin de siglo ; 2 (ser. x-ref.) Ortiz, F. La estirpe de Becquer, 1982?:</subfield>
    <subfield code="b">p. opp. t.p. (Delegación de Cultura del Excelentísimo Ayuntamiento de Jerez de la Frontera)</subfield>
  </datafield>
</record>